<?xml version="1.0" encoding="UTF-8"?><collection xmlns="http://www.loc.gov/MARC21/slim"><record><leader>00604nam--2200181-i-4500</leader><controlfield tag="001">000013357</controlfield><controlfield tag="002">20161230</controlfield><controlfield tag="005">20161230201030</controlfield><controlfield tag="008">060222s1000------------r-----000-0-fre-d</controlfield><datafield ind1=" " ind2=" " tag="040"><subfield code="a">IFIN-HH</subfield></datafield><datafield ind1=" " ind2=" " tag="041"><subfield code="a">fre</subfield></datafield><datafield ind1=" " ind2=" " tag="080"><subfield code="a">539.12.043:539.122:539.184.3(043)</subfield></datafield><datafield ind1="1" ind2=" " tag="100"><subfield code="a">Adam, Marie-yvonne</subfield></datafield><datafield ind1="1" ind2="0" tag="245"><subfield code="a">Etude a l aide du rayonnement synchrotron, de 30 a 110 ev, du role des effets collectifs atomiques, dans les processus de photoionisa- tion des gaz rares</subfield><subfield code="b">These</subfield><subfield code="c">Marie-yvonne adam</subfield></datafield><datafield ind1=" " ind2=" " tag="260"><subfield code="a">Paris</subfield><subfield code="b">Universite</subfield><subfield code="c">1978</subfield></datafield><datafield ind1=" " ind2=" " tag="300"><subfield code="a">135 P</subfield></datafield><datafield ind1=" " ind2=" " tag="852"><subfield code="a">48538</subfield><subfield code="c">539.12</subfield></datafield><datafield ind1=" " ind2=" " tag="CAT"><subfield code="a">Sys</subfield><subfield code="c">20111207</subfield><subfield code="h">134213</subfield></datafield></record></collection>